@inbook{feller
,    author = "William Feller"
,    title = "An Introduction to Probability Theory and Its Applications"
,    chapter   = 2
,    publisher = "John Wiley and Sons, Inc."
,    year      = 1957
,    volume    = 1
,    edition   = 3
,    pages     = "38--39"
}

@article{floydf2,
author = {Bentley, Jon and Floyd, Bob},
title = {Programming Pearls: A Sample of Brilliance},
year = {1987},
issue_date = {Sept. 1987},
publisher = {Association for Computing Machinery},
address = {New York, NY, USA},
volume = {30},
number = {9},
issn = {0001-0782},
doi = {10.1145/30401.315746},
journal = {Commun. ACM},
month = {9},
pages = {754--757},
numpages = {4}
}

@article{hsel,
    author = {Ernvall, Jarmo and Nevalainen, Olli},
    title = "{An Algorithm for Unbiased Random Sampling}",
    journal = {The Computer Journal},
    volume = {25},
    number = {1},
    pages = {45-47},
    year = {1982},
    month = {02},
    abstract = "{An algorithm for selection of an unbiased sample out of a set of possible elements without replacement is given. The storage space depends linearly on the sample size; also the running time of the algorithm is low.}",
    issn = {0010-4620},
    doi = {10.1093/comjnl/25.1.45},
    eprint = {https://academic.oup.com/comjnl/article-pdf/25/1/45/1410156/25-1-45.pdf},
}

@book{taocp2,
author = {Knuth, Donald E.},
title = {The Art of Computer Programming, Volume 2: Seminumerical Algorithms},
edition = {3},
year = {1997},
isbn = {0201896842},
publisher = {Addison-Wesley Longman Publishing Co., Inc.},
address = {USA}
}

@book{goodman1985introduction,
  title={Introduction To The Design \& Analysis Of Algorithms},
  author={Goodman, S.E.},
  isbn={9780070486423},
  url={https://books.google.com/books?id=tPUyHQAACAAJ},
  year={1985},
  publisher={Tata Mcgraw-Hill Publishing Company Limited}
}
